<record><leader>00000cas a22000007a 4500</leader><controlfield tag="001">19757355</controlfield><controlfield tag="008">890524c19849999lauwr ne      0   a0eng d</controlfield><datafield ind1=" " ind2=" " tag="010"><subfield code="a">sn 89059251 </subfield></datafield><datafield ind1=" " ind2=" " tag="040"><subfield code="a">LNP</subfield><subfield code="b">eng</subfield><subfield code="c">LNP</subfield><subfield code="d">NSD</subfield><subfield code="d">LNP</subfield><subfield code="d">OCLCQ</subfield><subfield code="d">OCLCF</subfield><subfield code="d">OCLCO</subfield></datafield><datafield ind1=" " ind2=" " tag="012"><subfield code="m">1</subfield></datafield><datafield ind1="1" ind2=" " tag="022"><subfield code="a">1050-6020</subfield><subfield code="l">1050-6020</subfield><subfield code="2">1</subfield></datafield><datafield ind1="1" ind2=" " tag="029"><subfield code="a">AU@</subfield><subfield code="b">000020555049</subfield></datafield><datafield ind1=" " ind2=" " tag="032"><subfield code="a">748930</subfield><subfield code="b">USPS</subfield></datafield><datafield ind1=" " ind2=" " tag="037"><subfield code="b">Lake Arthur Sun-Times, P.O. Drawer 670, 214 Arthur Ave., Lake Arthur, LA 70549-0670</subfield></datafield><datafield ind1=" " ind2=" " tag="042"><subfield code="a">msc</subfield><subfield code="a">nsdp</subfield></datafield><datafield ind1=" " ind2=" " tag="043"><subfield code="a">n-us-la</subfield></datafield><datafield ind1=" " ind2="4" tag="222"><subfield code="a">The Lake Arthur sun times</subfield></datafield><datafield ind1="0" ind2="4" tag="245"><subfield code="a">The Lake Arthur sun times.</subfield></datafield><datafield ind1="3" ind2="0" tag="246"><subfield code="a">Sun times</subfield></datafield><datafield ind1=" " ind2=" " tag="260"><subfield code="a">Lake Arthur, La. :</subfield><subfield code="b">Louisiana State Newspapers</subfield></datafield><datafield ind1=" " ind2=" " tag="300"><subfield code="a">v.</subfield></datafield><datafield ind1=" " ind2=" " tag="310"><subfield code="a">Weekly</subfield></datafield><datafield ind1="1" ind2=" " tag="362"><subfield code="a">Began with Oct. 1, 1984 issue?</subfield></datafield><datafield ind1=" " ind2=" " tag="500"><subfield code="a">Published by: Lake Arthur Sun-Times, &lt;Apr. 26, 1990-&gt;</subfield></datafield><datafield ind1=" " ind2=" " tag="588"><subfield code="a">Description based on: Vol. 4, no. 23 (Mar. 17, 1988).</subfield></datafield><datafield ind1=" " ind2=" " tag="588"><subfield code="a">Latest issue consulted: 6th year, no. 30 (Apr. 26, 1990).</subfield></datafield><datafield ind1=" " ind2="0" tag="651"><subfield code="a">Lake Arthur (La.)</subfield><subfield code="v">Newspapers.</subfield></datafield><datafield ind1=" " ind2="7" tag="655"><subfield code="a">Newspapers.</subfield><subfield code="2">fast</subfield><subfield code="0">(OCoLC)fst01423814</subfield></datafield><datafield ind1=" " ind2="7" tag="651"><subfield code="a">Louisiana</subfield><subfield code="z">Lake Arthur.</subfield><subfield code="2">fast</subfield><subfield code="0">(OCoLC)fst01211703</subfield></datafield><datafield ind1=" " ind2=" " tag="752"><subfield code="a">United States</subfield><subfield code="b">Louisiana</subfield><subfield code="c">Jefferson Davis</subfield><subfield code="d">Lake Arthur.</subfield></datafield></record>